<?xml version="1.0" encoding="UTF-8"?><collection xmlns="http://www.loc.gov/MARC21/slim"><record><leader>00614nam--2200145-i-4500</leader><controlfield tag="001">000019348</controlfield><controlfield tag="002">20161230</controlfield><controlfield tag="005">20161230201033</controlfield><controlfield tag="008">060222s1000------------r-----000-0-eng-d</controlfield><datafield ind1=" " ind2=" " tag="080"><subfield code="a">681.3.06:539.4</subfield></datafield><datafield ind1=" " ind2=" " tag="100"><subfield code="a">Forassi, G., Nerli,Giovanni</subfield></datafield><datafield ind1=" " ind2=" " tag="245"><subfield code="a">Calcolo di tensione e deformazioni in piastre forate inflesse da carichi applicati sul bordo dei fiori.presentato al 1 congresso nazionale aidaa-palermo, 27-31 ottobre, 1971</subfield></datafield><datafield ind1=" " ind2=" " tag="260"><subfield code="a">Pisa, Facolta Di Ingedneria Dell Universita Di Pisa, 1971.7-43 P</subfield></datafield><datafield ind1=" " ind2=" " tag="490"><subfield code="a">Pubblicazione Della Facolta Di Ingegneria Dell Universita Di Pisa,Serie, No.1392</subfield></datafield><datafield ind1=" " ind2=" " tag="852"><subfield code="a">13841</subfield></datafield></record></collection>